%% This BibTeX bibliography file was created using BibDesk.
%% http://bibdesk.sourceforge.net/

%% Created for Justin Chao at 2016-10-11 06:59:06 -0500 


%% Saved with string encoding Unicode (UTF-8) 



@article{pen,
	Author = {Vukusic, Tina},
	Date-Added = {2016-10-11 11:45:29 +0000},
	Date-Modified = {2016-10-11 11:59:05 +0000},
	Journal = {Croatica Chemica Acta},
	Title = {Direct Potentiometric Determination of Penicillamine in Real Samples by Using Copper ISE},
	Year = {2015}}

@article{csun,
	Author = {CSUN Department of Chemistry},
	Date-Added = {2016-10-11 11:35:13 +0000},
	Date-Modified = {2016-10-11 11:36:10 +0000},
	Journal = {California State University Northridge},
	Title = {Calibration Methods},
	Year = {2013}}

@article{atx,
	Author = {City of Austin},
	Date-Added = {2016-10-11 11:12:41 +0000},
	Date-Modified = {2016-10-11 11:13:14 +0000},
	Journal = {Water Quality Report Summaries},
	Title = {2016 - 2nd Quarter Averages},
	Year = {2016}}

@article{burton,
	Author = {Burton L. Edelstein},
	Date-Added = {2016-10-11 10:28:30 +0000},
	Date-Modified = {2016-10-11 10:29:16 +0000},
	Journal = {The American Academy of Pediatric Dentistry},
	Title = {Comparison of colorimeter and electrode analysis of water fluoride},
	Year = {1992}}

@article{colo,
	Author = {Gail E. Brossok},
	Date-Added = {2016-10-11 10:24:16 +0000},
	Date-Modified = {2016-10-11 10:24:57 +0000},
	Journal = {The American Academy of Pediatric Dentistry},
	Title = {The use of a colorimeter in analyzing the fluoride content of public well water},
	Year = {1987}}

@book{Harris,
	Author = {Daniel C. Harris},
	Date-Added = {2016-10-11 04:38:02 +0000},
	Date-Modified = {2016-10-11 04:38:02 +0000},
	Edition = {8},
	Editor = {Jessica Fiorillo},
	Publisher = {Clancy Marshall},
	Title = {Quantitative Chemical Analysis},
	Year = {2010},
	Bdsk-File-1 = {YnBsaXN0MDDUAQIDBAUGJCVYJHZlcnNpb25YJG9iamVjdHNZJGFyY2hpdmVyVCR0b3ASAAGGoKgHCBMUFRYaIVUkbnVsbNMJCgsMDxJXTlMua2V5c1pOUy5vYmplY3RzViRjbGFzc6INDoACgAOiEBGABIAFgAdccmVsYXRpdmVQYXRoWWFsaWFzRGF0YV8QJS4uL1F1YW50aXRhdGl2ZV9DaGVtaWNhbF9BbmFseXNpcy5wZGbSFwsYGVdOUy5kYXRhTxECEgAAAAACEgACAAAMTWFjaW50b3NoIEhEAAAAAAAAAAAAAAAAAAAAzpdlc0grAAAEzX6uH1F1YW50aXRhdGl2ZV9DaGVtaWMjNENEN0VCQS5wZGYAAAAAAAAAAAAAAAAAAAAAAAAAAAAAAAAAAAAAAAAAAATNfrrT4z0HAAAAAAAAAAAAAQABAAAJIAAAAAAAAAAAAAAAAAAAAA9hbmFseXRpY2FsX2NoZW0AABAACAAAzperwwAAABEACAAA0+ODVwAAAAEAGATNfq4Eso6TAAkg4wAI+2wACPtrAAJkjgACAGFNYWNpbnRvc2ggSEQ6VXNlcnM6AEpDSEFPOgBEb2N1bWVudHM6AFVUOgBZRUFSNjoAYW5hbHl0aWNhbF9jaGVtOgBRdWFudGl0YXRpdmVfQ2hlbWljIzRDRDdFQkEucGRmAAAOAEYAIgBRAHUAYQBuAHQAaQB0AGEAdABpAHYAZQBfAEMAaABlAG0AaQBjAGEAbABfAEEAbgBhAGwAeQBzAGkAcwAuAHAAZABmAA8AGgAMAE0AYQBjAGkAbgB0AG8AcwBoACAASABEABIAUVVzZXJzL0pDSEFPL0RvY3VtZW50cy9VVC9ZRUFSNi9hbmFseXRpY2FsX2NoZW0vUXVhbnRpdGF0aXZlX0NoZW1pY2FsX0FuYWx5c2lzLnBkZgAAEwABLwAAFQACAAz//wAAgAbSGxwdHlokY2xhc3NuYW1lWCRjbGFzc2VzXU5TTXV0YWJsZURhdGGjHR8gVk5TRGF0YVhOU09iamVjdNIbHCIjXE5TRGljdGlvbmFyeaIiIF8QD05TS2V5ZWRBcmNoaXZlctEmJ1Ryb290gAEACAARABoAIwAtADIANwBAAEYATQBVAGAAZwBqAGwAbgBxAHMAdQB3AIQAjgC2ALsAwwLZAtsC4ALrAvQDAgMGAw0DFgMbAygDKwM9A0ADRQAAAAAAAAIBAAAAAAAAACgAAAAAAAAAAAAAAAAAAANH}}

@article{zellmer,
	Author = {David L. Zellmer},
	Date-Added = {2016-10-11 04:29:34 +0000},
	Date-Modified = {2016-10-11 04:30:02 +0000},
	Journal = {Department of Chemistry, California State University, Fresno},
	Title = {Standard Addition},
	Year = {1998}}

@article{aviv,
	Author = {Tel Aviv University},
	Date-Added = {2016-10-11 04:23:51 +0000},
	Date-Modified = {2016-10-11 04:24:44 +0000},
	Title = {The Method of Standard Additions},
	Year = {2015}}

@article{nmt,
	Author = {New Mexico Tech},
	Date-Added = {2016-10-09 23:10:04 +0000},
	Date-Modified = {2016-10-09 23:10:51 +0000},
	Journal = {CHEM 311L: Quantitative Analysis Laboratory},
	Title = {A Potentiometric Analysis of Fluoride Ion in Toothpaste},
	Year = {2016}}

@article{lab_man,
	Author = {UT Dept. of Chemistry},
	Date-Added = {2016-10-09 21:56:30 +0000},
	Date-Modified = {2016-10-09 21:56:30 +0000},
	Journal = {Department of Chemistry},
	Title = {CH456 Analytical Lab Manual},
	Year = {2006}}

@article{tartu,
	Author = {Ivo Leito},
	Date-Added = {2016-10-09 21:54:31 +0000},
	Date-Modified = {2016-10-09 21:55:51 +0000},
	Journal = {Meditsiiniline keemia/Medical chemistry},
	Title = {Electrochemistry (potentiometry)},
	Year = {2015}}
