%% This BibTeX bibliography file was created using BibDesk.
%% http://bibdesk.sourceforge.net/

%% Created for Justin Chao at 2016-12-10 20:40:57 -0600 


%% Saved with string encoding Unicode (UTF-8) 



@article{xiong,
	Author = {Xiong, Jin},
	Date-Added = {2016-12-11 02:39:43 +0000},
	Date-Modified = {2016-12-11 02:40:06 +0000},
	Journal = {Essential Bioinformatics},
	Title = {Multiple Sequence Alignment},
	Year = {2015}}

@article{nguyen,
	Author = {Nguyen, Ken},
	Date-Added = {2016-12-11 02:38:30 +0000},
	Date-Modified = {2016-12-11 02:40:50 +0000},
	Journal = {John Wiley and Sons},
	Title = {Multiple Biological Sequence Alignment: Scoring Functions, Algorithms and Evaluation},
	Year = {2016}}

@article{rosenburg,
	Author = {Rosenberg, Michael S},
	Date-Added = {2016-12-11 02:36:14 +0000},
	Date-Modified = {2016-12-11 02:36:30 +0000},
	Journal = {Univ of California Press},
	Title = {Sequence Alignment: Methods, Models, Concepts, and Strategies},
	Year = {2009}}

@article{nw,
	Author = {Xu, Zhongneng},
	Date-Added = {2016-12-11 02:21:31 +0000},
	Date-Modified = {2016-12-11 02:31:07 +0000},
	Journal = {Biochem. Mol. Biol. Educ.},
	Title = {A teaching approach from the exhaustive search method to the Needleman-Wunsch algorithm},
	Year = {2016}}

@article{multiple_alignment,
	Date-Added = {2016-11-19 01:58:06 +0000},
	Date-Modified = {2016-11-19 01:58:56 +0000},
	Journal = {Wikipedia},
	Title = {Multiple sequence alignment},
	Year = {2016}}

@article{blosum,
	Author = {Brick K, Pizzi E},
	Date-Added = {2016-11-18 03:26:59 +0000},
	Date-Modified = {2016-11-18 03:27:58 +0000},
	Journal = {U.S. National Library of Medicine},
	Title = {A novel series of compositionally biased substitution matrices for comparing Plasmodium proteins.},
	Year = {2008}}

@article{msa,
	Date-Added = {2016-11-18 03:26:09 +0000},
	Date-Modified = {2016-11-18 03:26:43 +0000},
	Journal = {Wikipedia},
	Title = {Multiple Sequence Alignments},
	Year = {2016}}

@article{fft,
	Author = {Russell W. Hanson},
	Date-Added = {2016-11-18 03:25:20 +0000},
	Date-Modified = {2016-11-18 03:26:05 +0000},
	Journal = {The Division of Mathematics and Natural Sciences, Reed College},
	Title = {Fast Fourier Transform Analysis of DNA Sequences},
	Year = {2003}}

@article{wilke,
	Author = {Claus O. Wilke},
	Date-Added = {2016-11-18 03:24:15 +0000},
	Date-Modified = {2016-11-18 03:25:15 +0000},
	Journal = {The Wilke Lab},
	Title = {Aligning sequences},
	Year = {2016}}

@article{columbia,
	Author = {Yechiam Yemini},
	Date-Added = {2016-11-18 03:22:57 +0000},
	Date-Modified = {2016-11-18 03:24:09 +0000},
	Journal = {Computational Genomics},
	Title = {BLOSUM Scoring Matrices},
	Year = {2007}}
