%% This BibTeX bibliography file was created using BibDesk.
%% http://bibdesk.sourceforge.net/

%% Created for Justin Chao at 2016-11-18 20:58:37 -0600 


%% Saved with string encoding Unicode (UTF-8) 



@article{code,
	Author = {Isaac Turner},
	Date-Added = {2016-11-19 02:57:37 +0000},
	Date-Modified = {2016-11-19 02:58:37 +0000},
	Journal = {GitHub},
	Title = {seq-align},
	Year = {2016}}

@article{sw,
	Date-Added = {2016-11-19 02:26:01 +0000},
	Date-Modified = {2016-11-19 02:26:23 +0000},
	Journal = {Wikipedia},
	Title = {Smith--Waterman algorithm},
	Year = {2016}}

@article{multiple_alignment,
	Date-Added = {2016-11-19 01:58:06 +0000},
	Date-Modified = {2016-11-19 01:58:56 +0000},
	Journal = {Wikipedia},
	Title = {Multiple sequence alignment},
	Year = {2016}}

@article{blosum,
	Author = {Brick K, Pizzi E},
	Date-Added = {2016-11-18 03:26:59 +0000},
	Date-Modified = {2016-11-18 03:27:58 +0000},
	Journal = {U.S. National Library of Medicine},
	Title = {A novel series of compositionally biased substitution matrices for comparing Plasmodium proteins.},
	Year = {2008}}

@article{msa,
	Date-Added = {2016-11-18 03:26:09 +0000},
	Date-Modified = {2016-11-18 03:26:43 +0000},
	Journal = {Wikipedia},
	Title = {Multiple Sequence Alignments},
	Year = {2016}}

@article{fft,
	Author = {Russell W. Hanson},
	Date-Added = {2016-11-18 03:25:20 +0000},
	Date-Modified = {2016-11-18 03:26:05 +0000},
	Journal = {The Division of Mathematics and Natural Sciences, Reed College},
	Title = {Fast Fourier Transform Analysis of DNA Sequences},
	Year = {2003}}

@article{wilke,
	Author = {Claus O. Wilke},
	Date-Added = {2016-11-18 03:24:15 +0000},
	Date-Modified = {2016-11-18 03:25:15 +0000},
	Journal = {The Wilke Lab},
	Title = {Aligning sequences},
	Year = {2016}}

@article{columbia,
	Author = {Yechiam Yemini},
	Date-Added = {2016-11-18 03:22:57 +0000},
	Date-Modified = {2016-11-18 03:24:09 +0000},
	Journal = {Computational Genomics},
	Title = {BLOSUM Scoring Matrices},
	Year = {2007}}
