%% This BibTeX bibliography file was created using BibDesk.
%% http://bibdesk.sourceforge.net/

%% Created for Justin Chao at 2016-11-29 08:48:45 -0600 


%% Saved with string encoding Unicode (UTF-8) 



@article{frag,
	Author = {Jonathan Melville},
	Date-Added = {2016-11-29 14:44:31 +0000},
	Date-Modified = {2016-11-29 14:44:59 +0000},
	Journal = {UC Berkeley College of Chemistry},
	Title = {GC/MS Analysis of Caffeine},
	Year = {2014}}

@article{injection,
	Author = {Crawford Scientific},
	Date-Added = {2016-11-29 14:34:24 +0000},
	Date-Modified = {2016-11-29 14:35:16 +0000},
	Title = {Chromatography Technical Tips},
	Year = {2013}}

@article{article,
	Author = {Steven D. Zaugg},
	Date-Added = {2016-11-28 21:59:07 +0000},
	Date-Modified = {2016-11-28 22:00:03 +0000},
	Journal = {U.S. Geological Survey},
	Title = {Methods of analysis by the U.S. Geological Survey National Water Quality Laboratory; determination of pesticides in water by C-18 solid-phase extraction and capillary-column gas chromatography/mass spectrometry with selected-ion monitoring},
	Year = {1995}}

@article{ms_msu,
	Author = {William Reusch},
	Date-Added = {2016-11-28 14:53:19 +0000},
	Date-Modified = {2016-11-28 14:53:49 +0000},
	Journal = {Department of Chemistry},
	Title = {Mass Spectrometry},
	Year = {2013}}

@article{ms_wiki,
	Date-Added = {2016-11-28 14:47:14 +0000},
	Date-Modified = {2016-11-28 14:47:41 +0000},
	Journal = {Wikipedia},
	Title = {Mass spectrometry},
	Year = {2016}}

@article{mayo,
	Author = {Mayo Clinic Staff},
	Date-Added = {2016-11-27 22:38:12 +0000},
	Date-Modified = {2016-11-27 22:38:35 +0000},
	Journal = {Healthy Lifestyle},
	Title = {Caffeine content for coffee, tea, soda and more},
	Year = {2016}}

@article{gc_pic,
	Author = {Oregon State University},
	Date-Added = {2016-11-26 22:45:00 +0000},
	Date-Modified = {2016-11-26 22:45:00 +0000},
	Journal = {Department of Chemistry},
	Title = {Gas Chromatography},
	Year = {2015}}

@book{Harris,
	Author = {Daniel C. Harris},
	Date-Added = {2016-10-11 04:38:02 +0000},
	Date-Modified = {2016-10-11 04:38:02 +0000},
	Edition = {8},
	Editor = {Jessica Fiorillo},
	Publisher = {Clancy Marshall},
	Title = {Quantitative Chemical Analysis},
	Year = {2010},
	Bdsk-File-1 = {YnBsaXN0MDDUAQIDBAUGJCVYJHZlcnNpb25YJG9iamVjdHNZJGFyY2hpdmVyVCR0b3ASAAGGoKgHCBMUFRYaIVUkbnVsbNMJCgsMDxJXTlMua2V5c1pOUy5vYmplY3RzViRjbGFzc6INDoACgAOiEBGABIAFgAdccmVsYXRpdmVQYXRoWWFsaWFzRGF0YV8QJS4uL1F1YW50aXRhdGl2ZV9DaGVtaWNhbF9BbmFseXNpcy5wZGbSFwsYGVdOUy5kYXRhTxECEgAAAAACEgACAAAMTWFjaW50b3NoIEhEAAAAAAAAAAAAAAAAAAAAzpdlc0grAAAEzX6uH1F1YW50aXRhdGl2ZV9DaGVtaWMjNTk5RDkxOS5wZGYAAAAAAAAAAAAAAAAAAAAAAAAAAAAAAAAAAAAAAAAAAAWZ2RnUPkujAAAAAAAAAAAAAQABAAAJIAAAAAAAAAAAAAAAAAAAAA9hbmFseXRpY2FsX2NoZW0AABAACAAAzperwwAAABEACAAA1D6R8wAAAAEAGATNfq4Eso6TAAkg4wAI+2wACPtrAAJkjgACAGFNYWNpbnRvc2ggSEQ6VXNlcnM6AEpDSEFPOgBEb2N1bWVudHM6AFVUOgBZRUFSNjoAYW5hbHl0aWNhbF9jaGVtOgBRdWFudGl0YXRpdmVfQ2hlbWljIzU5OUQ5MTkucGRmAAAOAEYAIgBRAHUAYQBuAHQAaQB0AGEAdABpAHYAZQBfAEMAaABlAG0AaQBjAGEAbABfAEEAbgBhAGwAeQBzAGkAcwAuAHAAZABmAA8AGgAMAE0AYQBjAGkAbgB0AG8AcwBoACAASABEABIAUVVzZXJzL0pDSEFPL0RvY3VtZW50cy9VVC9ZRUFSNi9hbmFseXRpY2FsX2NoZW0vUXVhbnRpdGF0aXZlX0NoZW1pY2FsX0FuYWx5c2lzLnBkZgAAEwABLwAAFQACAAz//wAAgAbSGxwdHlokY2xhc3NuYW1lWCRjbGFzc2VzXU5TTXV0YWJsZURhdGGjHR8gVk5TRGF0YVhOU09iamVjdNIbHCIjXE5TRGljdGlvbmFyeaIiIF8QD05TS2V5ZWRBcmNoaXZlctEmJ1Ryb290gAEACAARABoAIwAtADIANwBAAEYATQBVAGAAZwBqAGwAbgBxAHMAdQB3AIQAjgC2ALsAwwLZAtsC4ALrAvQDAgMGAw0DFgMbAygDKwM9A0ADRQAAAAAAAAIBAAAAAAAAACgAAAAAAAAAAAAAAAAAAANH}}

@article{lab_man,
	Author = {UT Dept. of Chemistry},
	Date-Added = {2016-10-09 21:56:30 +0000},
	Date-Modified = {2016-10-09 21:56:30 +0000},
	Journal = {Department of Chemistry},
	Title = {CH456 Analytical Lab Manual},
	Year = {2006}}
