%% This BibTeX bibliography file was created using BibDesk.
%% http://bibdesk.sourceforge.net/

%% Created for Justin Chao at 2016-11-08 04:22:31 -0600 


%% Saved with string encoding Unicode (UTF-8) 



@article{van,
	Author = {Stephanie A. Schuster},
	Date-Added = {2016-11-08 10:21:46 +0000},
	Date-Modified = {2016-11-08 10:22:31 +0000},
	Journal = {Chromatography Online},
	Title = {Methods for Changing Peak Resolution in HPLC: Advantages and Limitations},
	Year = {2013}}

@article{rat,
	Author = {Congcong Wen},
	Date-Added = {2016-11-06 19:32:52 +0000},
	Date-Modified = {2016-11-06 19:33:57 +0000},
	Journal = {Journal of Chromatography B},
	Title = {Determination of sec-O-glucosylhamaudol in rat plasma by gradient elution liquid chromatography--mass spectrometry},
	Year = {2014}}

@article{dionex,
	Author = {Thermo Fisher Scientific Inc.},
	Date-Added = {2016-11-05 22:13:47 +0000},
	Date-Modified = {2016-11-05 22:15:01 +0000},
	Journal = {Dionex Products},
	Title = {UltiMate 3000 LC Systems},
	Year = {2016}}

@article{dong,
	Author = {Michael W. Dong},
	Date-Added = {2016-11-05 21:22:52 +0000},
	Date-Modified = {2016-11-05 21:23:24 +0000},
	Journal = {Chromatography Online},
	Title = {The Essence of Modern HPLC: Advantages, Limitations, Fundamentals, and Opportunities}}

@article{linde,
	Author = {The Linde Group},
	Date-Added = {2016-11-05 20:59:37 +0000},
	Date-Modified = {2016-11-05 21:00:09 +0000},
	Journal = {Analytical Methods},
	Title = {High performance liquid chromatography (HPLC)},
	Year = {2016}}

@article{waters,
	Author = {Waters Corp.},
	Date-Added = {2016-11-05 20:47:55 +0000},
	Date-Modified = {2016-11-05 20:48:50 +0000},
	Title = {HPLC Separation Modes},
	Year = {2016}}

@article{hplc,
	Author = {Engelhardt, H.},
	Date-Added = {2016-11-05 20:24:53 +0000},
	Date-Modified = {2016-11-05 20:26:51 +0000},
	Journal = {Chemical Laboratory Practice},
	Title = {High performance liquid chromatography},
	Url = {http://www.mpip-mainz.mpg.de/3250439/HPLC},
	Year = {1979},
	Bdsk-Url-1 = {http://www.mpip-mainz.mpg.de/3250439/HPLC}}

@book{Harris,
	Author = {Daniel C. Harris},
	Date-Added = {2016-10-11 04:38:02 +0000},
	Date-Modified = {2016-10-11 04:38:02 +0000},
	Edition = {8},
	Editor = {Jessica Fiorillo},
	Publisher = {Clancy Marshall},
	Title = {Quantitative Chemical Analysis},
	Year = {2010},
	Bdsk-File-1 = {YnBsaXN0MDDUAQIDBAUGJCVYJHZlcnNpb25YJG9iamVjdHNZJGFyY2hpdmVyVCR0b3ASAAGGoKgHCBMUFRYaIVUkbnVsbNMJCgsMDxJXTlMua2V5c1pOUy5vYmplY3RzViRjbGFzc6INDoACgAOiEBGABIAFgAdccmVsYXRpdmVQYXRoWWFsaWFzRGF0YV8QJS4uL1F1YW50aXRhdGl2ZV9DaGVtaWNhbF9BbmFseXNpcy5wZGbSFwsYGVdOUy5kYXRhTxECEgAAAAACEgACAAAMTWFjaW50b3NoIEhEAAAAAAAAAAAAAAAAAAAAzpdlc0grAAAEzX6uH1F1YW50aXRhdGl2ZV9DaGVtaWMjNTk5RDkxOS5wZGYAAAAAAAAAAAAAAAAAAAAAAAAAAAAAAAAAAAAAAAAAAAWZ2RnUPkujAAAAAAAAAAAAAQABAAAJIAAAAAAAAAAAAAAAAAAAAA9hbmFseXRpY2FsX2NoZW0AABAACAAAzperwwAAABEACAAA1D6R8wAAAAEAGATNfq4Eso6TAAkg4wAI+2wACPtrAAJkjgACAGFNYWNpbnRvc2ggSEQ6VXNlcnM6AEpDSEFPOgBEb2N1bWVudHM6AFVUOgBZRUFSNjoAYW5hbHl0aWNhbF9jaGVtOgBRdWFudGl0YXRpdmVfQ2hlbWljIzU5OUQ5MTkucGRmAAAOAEYAIgBRAHUAYQBuAHQAaQB0AGEAdABpAHYAZQBfAEMAaABlAG0AaQBjAGEAbABfAEEAbgBhAGwAeQBzAGkAcwAuAHAAZABmAA8AGgAMAE0AYQBjAGkAbgB0AG8AcwBoACAASABEABIAUVVzZXJzL0pDSEFPL0RvY3VtZW50cy9VVC9ZRUFSNi9hbmFseXRpY2FsX2NoZW0vUXVhbnRpdGF0aXZlX0NoZW1pY2FsX0FuYWx5c2lzLnBkZgAAEwABLwAAFQACAAz//wAAgAbSGxwdHlokY2xhc3NuYW1lWCRjbGFzc2VzXU5TTXV0YWJsZURhdGGjHR8gVk5TRGF0YVhOU09iamVjdNIbHCIjXE5TRGljdGlvbmFyeaIiIF8QD05TS2V5ZWRBcmNoaXZlctEmJ1Ryb290gAEACAARABoAIwAtADIANwBAAEYATQBVAGAAZwBqAGwAbgBxAHMAdQB3AIQAjgC2ALsAwwLZAtsC4ALrAvQDAgMGAw0DFgMbAygDKwM9A0ADRQAAAAAAAAIBAAAAAAAAACgAAAAAAAAAAAAAAAAAAANH}}

@article{lab_man,
	Author = {UT Dept. of Chemistry},
	Date-Added = {2016-10-09 21:56:30 +0000},
	Date-Modified = {2016-10-09 21:56:30 +0000},
	Journal = {Department of Chemistry},
	Title = {CH456 Analytical Lab Manual},
	Year = {2006}}
