%% This BibTeX bibliography file was created using BibDesk.
%% http://bibdesk.sourceforge.net/

%% Created for Justin Chao at 2016-09-20 04:22:22 -0500 


%% Saved with string encoding Unicode (UTF-8) 



@article{lab_man,
	Author = {UT Dept. of Chemistry},
	Date-Added = {2016-09-20 09:21:19 +0000},
	Date-Modified = {2016-09-20 09:22:19 +0000},
	Journal = {Department of Chemistry},
	Title = {CH456 Analytical Lab Manual},
	Year = {2006}}

@article{aspirin_rxn,
	Author = {Abey Tharian},
	Date-Added = {2016-09-20 09:03:32 +0000},
	Date-Modified = {2016-09-20 09:04:10 +0000},
	Journal = {New Jersey Institute of Technology},
	Title = {Determination of aspirin in tablets using back titration}}

@article{phph_color,
	Author = {Jim Clark},
	Date-Added = {2016-09-20 08:54:35 +0000},
	Date-Modified = {2016-09-20 08:54:54 +0000},
	Title = {Acid-Base Indicators}}

@electronic{phph,
	Date-Added = {2016-09-20 08:45:41 +0000},
	Date-Modified = {2016-09-20 08:47:19 +0000},
	Title = {Phenolphthalein},
	Url = {https://en.wikipedia.org/wiki/Phenolphthalein},
	Urldate = {9/20/2016}}

@electronic{buret,
	Author = {John Fuchs},
	Date-Added = {2016-09-20 08:31:04 +0000},
	Date-Modified = {2016-09-20 08:47:49 +0000},
	Title = {Chemistry-What is Titration?},
	Url = {http://www.ctgclean.com/tech-blog/2013/07/chemistry-what-is-titration/},
	Urldate = {July 18, 2013}}

@book{Harris,
	Author = {Daniel C. Harris},
	Date-Added = {2016-09-20 08:22:01 +0000},
	Date-Modified = {2016-09-20 08:24:49 +0000},
	Edition = {8},
	Editor = {Jessica Fiorillo},
	Publisher = {Clancy Marshall},
	Title = {Quantitative Chemical Analysis},
	Year = {2010},
	Bdsk-File-1 = {YnBsaXN0MDDUAQIDBAUGJCVYJHZlcnNpb25YJG9iamVjdHNZJGFyY2hpdmVyVCR0b3ASAAGGoKgHCBMUFRYaIVUkbnVsbNMJCgsMDxJXTlMua2V5c1pOUy5vYmplY3RzViRjbGFzc6INDoACgAOiEBGABIAFgAdccmVsYXRpdmVQYXRoWWFsaWFzRGF0YV8QJS4uL1F1YW50aXRhdGl2ZV9DaGVtaWNhbF9BbmFseXNpcy5wZGbSFwsYGVdOUy5kYXRhTxECEgAAAAACEgACAAAMTWFjaW50b3NoIEhEAAAAAAAAAAAAAAAAAAAAzpdlc0grAAAEzX6uH1F1YW50aXRhdGl2ZV9DaGVtaWMjNENEN0VCQS5wZGYAAAAAAAAAAAAAAAAAAAAAAAAAAAAAAAAAAAAAAAAAAATNfrrT4z0HAAAAAAAAAAAAAQABAAAJIAAAAAAAAAAAAAAAAAAAAA9hbmFseXRpY2FsX2NoZW0AABAACAAAzperwwAAABEACAAA0+ODVwAAAAEAGATNfq4Eso6TAAkg4wAI+2wACPtrAAJkjgACAGFNYWNpbnRvc2ggSEQ6VXNlcnM6AEpDSEFPOgBEb2N1bWVudHM6AFVUOgBZRUFSNjoAYW5hbHl0aWNhbF9jaGVtOgBRdWFudGl0YXRpdmVfQ2hlbWljIzRDRDdFQkEucGRmAAAOAEYAIgBRAHUAYQBuAHQAaQB0AGEAdABpAHYAZQBfAEMAaABlAG0AaQBjAGEAbABfAEEAbgBhAGwAeQBzAGkAcwAuAHAAZABmAA8AGgAMAE0AYQBjAGkAbgB0AG8AcwBoACAASABEABIAUVVzZXJzL0pDSEFPL0RvY3VtZW50cy9VVC9ZRUFSNi9hbmFseXRpY2FsX2NoZW0vUXVhbnRpdGF0aXZlX0NoZW1pY2FsX0FuYWx5c2lzLnBkZgAAEwABLwAAFQACAAz//wAAgAbSGxwdHlokY2xhc3NuYW1lWCRjbGFzc2VzXU5TTXV0YWJsZURhdGGjHR8gVk5TRGF0YVhOU09iamVjdNIbHCIjXE5TRGljdGlvbmFyeaIiIF8QD05TS2V5ZWRBcmNoaXZlctEmJ1Ryb290gAEACAARABoAIwAtADIANwBAAEYATQBVAGAAZwBqAGwAbgBxAHMAdQB3AIQAjgC2ALsAwwLZAtsC4ALrAvQDAgMGAw0DFgMbAygDKwM9A0ADRQAAAAAAAAIBAAAAAAAAACgAAAAAAAAAAAAAAAAAAANH}}
