%% This BibTeX bibliography file was created using BibDesk.
%% http://bibdesk.sourceforge.net/

%% Created for Justin Chao at 2016-11-08 06:43:45 -0600 


%% Saved with string encoding Unicode (UTF-8) 



@article{gypsum,
	Author = {R. Stach, P. Krebs, F. Jones, B. Mizaikoff},
	Date-Added = {2016-11-08 12:36:03 +0000},
	Date-Modified = {2016-11-08 12:41:56 +0000},
	Journal = {Royal Society of Chemistry},
	Title = {Observing non-classical crystallisation processes in gypsum via infrared attenuated total reflectance spectroscopy},
	Year = {2016}}

@article{hemo,
	Author = {Rui Lu, Wen-Wei Li, Abraham Katzir, Yosef Raichlin, Boris Mizaikoff, Han-Qing Yu},
	Date-Added = {2016-11-06 21:16:48 +0000},
	Date-Modified = {2016-11-06 21:19:37 +0000},
	Journal = {Royal Society of Chemistry},
	Title = {Fourier transform infrared spectroscopy on external perturbations inducing secondary structure changes of hemoglobin},
	Year = {2016}}

@book{Harris,
	Author = {Daniel C. Harris},
	Date-Added = {2016-10-11 04:38:02 +0000},
	Date-Modified = {2016-10-11 04:38:02 +0000},
	Edition = {8},
	Editor = {Jessica Fiorillo},
	Publisher = {Clancy Marshall},
	Title = {Quantitative Chemical Analysis},
	Year = {2010},
	Bdsk-File-1 = {YnBsaXN0MDDUAQIDBAUGJCVYJHZlcnNpb25YJG9iamVjdHNZJGFyY2hpdmVyVCR0b3ASAAGGoKgHCBMUFRYaIVUkbnVsbNMJCgsMDxJXTlMua2V5c1pOUy5vYmplY3RzViRjbGFzc6INDoACgAOiEBGABIAFgAdccmVsYXRpdmVQYXRoWWFsaWFzRGF0YV8QJS4uL1F1YW50aXRhdGl2ZV9DaGVtaWNhbF9BbmFseXNpcy5wZGbSFwsYGVdOUy5kYXRhTxECEgAAAAACEgACAAAMTWFjaW50b3NoIEhEAAAAAAAAAAAAAAAAAAAAzpdlc0grAAAEzX6uH1F1YW50aXRhdGl2ZV9DaGVtaWMjNTk5RDkxOS5wZGYAAAAAAAAAAAAAAAAAAAAAAAAAAAAAAAAAAAAAAAAAAAWZ2RnUPkujAAAAAAAAAAAAAQABAAAJIAAAAAAAAAAAAAAAAAAAAA9hbmFseXRpY2FsX2NoZW0AABAACAAAzperwwAAABEACAAA1D6R8wAAAAEAGATNfq4Eso6TAAkg4wAI+2wACPtrAAJkjgACAGFNYWNpbnRvc2ggSEQ6VXNlcnM6AEpDSEFPOgBEb2N1bWVudHM6AFVUOgBZRUFSNjoAYW5hbHl0aWNhbF9jaGVtOgBRdWFudGl0YXRpdmVfQ2hlbWljIzU5OUQ5MTkucGRmAAAOAEYAIgBRAHUAYQBuAHQAaQB0AGEAdABpAHYAZQBfAEMAaABlAG0AaQBjAGEAbABfAEEAbgBhAGwAeQBzAGkAcwAuAHAAZABmAA8AGgAMAE0AYQBjAGkAbgB0AG8AcwBoACAASABEABIAUVVzZXJzL0pDSEFPL0RvY3VtZW50cy9VVC9ZRUFSNi9hbmFseXRpY2FsX2NoZW0vUXVhbnRpdGF0aXZlX0NoZW1pY2FsX0FuYWx5c2lzLnBkZgAAEwABLwAAFQACAAz//wAAgAbSGxwdHlokY2xhc3NuYW1lWCRjbGFzc2VzXU5TTXV0YWJsZURhdGGjHR8gVk5TRGF0YVhOU09iamVjdNIbHCIjXE5TRGljdGlvbmFyeaIiIF8QD05TS2V5ZWRBcmNoaXZlctEmJ1Ryb290gAEACAARABoAIwAtADIANwBAAEYATQBVAGAAZwBqAGwAbgBxAHMAdQB3AIQAjgC2ALsAwwLZAtsC4ALrAvQDAgMGAw0DFgMbAygDKwM9A0ADRQAAAAAAAAIBAAAAAAAAACgAAAAAAAAAAAAAAAAAAANH}}

@article{lab_man,
	Author = {UT Dept. of Chemistry},
	Date-Added = {2016-10-09 21:56:30 +0000},
	Date-Modified = {2016-10-09 21:56:30 +0000},
	Journal = {Department of Chemistry},
	Title = {CH456 Analytical Lab Manual},
	Year = {2006}}
