%% This BibTeX bibliography file was created using BibDesk.
%% http://bibdesk.sourceforge.net/

%% Created for Justin Chao at 2016-11-22 05:10:48 -0600 


%% Saved with string encoding Unicode (UTF-8) 



@article{oxy,
	Author = {Richard G. Compton},
	Date-Added = {2016-11-22 11:10:19 +0000},
	Date-Modified = {2016-11-22 11:10:48 +0000},
	Journal = {Journal of Physical Chemistry},
	Title = {Voltammetry of Oxygen in the Room-Temperature Ionic Liquids 1-Ethyl-3-methylimidazolium Bis((trifluoromethyl)sulfonyl)imide and Hexyltriethylammonium Bis((trifluoromethyl)sulfonyl)imide:â€‰ One-Electron Reduction To Form Superoxide. Steady-State and Transient Behavior in the Same Cyclic Voltammogram Resulting from Widely Different Diffusion Coefficients of Oxygen and Superoxide},
	Year = {2003}}

@article{trau,
	Author = {Matt Trau},
	Date-Added = {2016-11-22 07:23:49 +0000},
	Date-Modified = {2016-11-22 07:24:23 +0000},
	Journal = {The Royal Society of Chemistry},
	Title = {Label-free electrochemical detection of an Entamoeba histolytica antigen using cell-free yeast-scFv probes},
	Year = {2013}}

@article{myers,
	Author = {Stephanie A. Myers},
	Date-Added = {2016-11-22 05:57:43 +0000},
	Date-Modified = {2016-11-22 05:58:48 +0000},
	Journal = {Department of Chemistry and Physics, Augusta University},
	Title = {Electroanalytical Chemistry},
	Year = {2016}}

@article{CA,
	Author = {Allen J. Bard},
	Date-Added = {2016-11-22 05:53:14 +0000},
	Date-Modified = {2016-11-22 05:55:12 +0000},
	Journal = {Electrochemical Methods: Fundamentals and Applications},
	Title = {Chronoamperometry},
	Year = {2007}}

@book{Harris,
	Author = {Daniel C. Harris},
	Date-Added = {2016-10-11 04:38:02 +0000},
	Date-Modified = {2016-10-11 04:38:02 +0000},
	Edition = {8},
	Editor = {Jessica Fiorillo},
	Publisher = {Clancy Marshall},
	Title = {Quantitative Chemical Analysis},
	Year = {2010},
	Bdsk-File-1 = {YnBsaXN0MDDUAQIDBAUGJCVYJHZlcnNpb25YJG9iamVjdHNZJGFyY2hpdmVyVCR0b3ASAAGGoKgHCBMUFRYaIVUkbnVsbNMJCgsMDxJXTlMua2V5c1pOUy5vYmplY3RzViRjbGFzc6INDoACgAOiEBGABIAFgAdccmVsYXRpdmVQYXRoWWFsaWFzRGF0YV8QJS4uL1F1YW50aXRhdGl2ZV9DaGVtaWNhbF9BbmFseXNpcy5wZGbSFwsYGVdOUy5kYXRhTxECEgAAAAACEgACAAAMTWFjaW50b3NoIEhEAAAAAAAAAAAAAAAAAAAAzpdlc0grAAAEzX6uH1F1YW50aXRhdGl2ZV9DaGVtaWMjNTk5RDkxOS5wZGYAAAAAAAAAAAAAAAAAAAAAAAAAAAAAAAAAAAAAAAAAAAWZ2RnUPkujAAAAAAAAAAAAAQABAAAJIAAAAAAAAAAAAAAAAAAAAA9hbmFseXRpY2FsX2NoZW0AABAACAAAzperwwAAABEACAAA1D6R8wAAAAEAGATNfq4Eso6TAAkg4wAI+2wACPtrAAJkjgACAGFNYWNpbnRvc2ggSEQ6VXNlcnM6AEpDSEFPOgBEb2N1bWVudHM6AFVUOgBZRUFSNjoAYW5hbHl0aWNhbF9jaGVtOgBRdWFudGl0YXRpdmVfQ2hlbWljIzU5OUQ5MTkucGRmAAAOAEYAIgBRAHUAYQBuAHQAaQB0AGEAdABpAHYAZQBfAEMAaABlAG0AaQBjAGEAbABfAEEAbgBhAGwAeQBzAGkAcwAuAHAAZABmAA8AGgAMAE0AYQBjAGkAbgB0AG8AcwBoACAASABEABIAUVVzZXJzL0pDSEFPL0RvY3VtZW50cy9VVC9ZRUFSNi9hbmFseXRpY2FsX2NoZW0vUXVhbnRpdGF0aXZlX0NoZW1pY2FsX0FuYWx5c2lzLnBkZgAAEwABLwAAFQACAAz//wAAgAbSGxwdHlokY2xhc3NuYW1lWCRjbGFzc2VzXU5TTXV0YWJsZURhdGGjHR8gVk5TRGF0YVhOU09iamVjdNIbHCIjXE5TRGljdGlvbmFyeaIiIF8QD05TS2V5ZWRBcmNoaXZlctEmJ1Ryb290gAEACAARABoAIwAtADIANwBAAEYATQBVAGAAZwBqAGwAbgBxAHMAdQB3AIQAjgC2ALsAwwLZAtsC4ALrAvQDAgMGAw0DFgMbAygDKwM9A0ADRQAAAAAAAAIBAAAAAAAAACgAAAAAAAAAAAAAAAAAAANH}}

@article{lab_man,
	Author = {UT Dept. of Chemistry},
	Date-Added = {2016-10-09 21:56:30 +0000},
	Date-Modified = {2016-10-09 21:56:30 +0000},
	Journal = {Department of Chemistry},
	Title = {CH456 Analytical Lab Manual},
	Year = {2006}}
