%% This BibTeX bibliography file was created using BibDesk.
%% http://bibdesk.sourceforge.net/

%% Created for Justin Chao at 2016-10-04 04:56:59 -0500 


%% Saved with string encoding Unicode (UTF-8) 



@article{austin,
	Author = {City of Austin},
	Date-Added = {2016-10-04 09:56:09 +0000},
	Date-Modified = {2016-10-04 09:56:55 +0000},
	Journal = {Austin Water},
	Title = {Water Quality Report Summaries},
	Year = {2016}}

@article{dojindo,
	Author = {Dojindo Molecular Technologies, Inc.},
	Date-Added = {2016-10-03 06:54:42 +0000},
	Date-Modified = {2016-10-03 06:55:26 +0000},
	Journal = {Ion Analysis},
	Title = {Murexide},
	Year = {2016}}

@article{wroclaw,
	Author = {University of Wroc{\l}aw},
	Date-Added = {2016-10-03 06:40:32 +0000},
	Date-Modified = {2016-10-03 06:41:38 +0000},
	Journal = {University of Wroclaw Analytical Chemistry Department},
	Title = {The complexometric determination of calcium and magnesium in the same sample},
	Year = {2016}}

@article{murexide,
	Author = {Sigma-Aldrich},
	Date-Added = {2016-10-03 06:36:56 +0000},
	Date-Modified = {2016-10-03 06:38:46 +0000},
	Journal = {Sigma-Aldrich},
	Title = {Murexide},
	Year = {2016}}

@article{chemwiki,
	Author = {David Harvey},
	Date-Added = {2016-10-03 06:07:55 +0000},
	Date-Modified = {2016-10-03 06:13:16 +0000},
	Journal = {UCDavis ChemWiki},
	Title = {Complexation Titration},
	Year = {2015}}

@article{IUS,
	Author = {Indiana University Southeast},
	Date-Added = {2016-10-03 05:46:56 +0000},
	Date-Modified = {2016-10-03 05:47:51 +0000},
	Journal = {Indiana University Southeast Department of Chemistry},
	Title = {Eriochrome Black-T Indicator Color Changes},
	Year = {2016}}

@article{mohawk,
	Author = {David Cash},
	Date-Added = {2016-10-02 22:42:29 +0000},
	Date-Modified = {2016-10-02 23:24:55 +0000},
	Journal = {Mohawk Chemical, Environmental, and Biotechnology Department},
	Title = {EDTA Titrations 2: Analysis of Calcium in a Supplement Tablet; Analysis of Magnesium in Epsom Salt; Hardness of Water},
	Year = {2008}}

@article{mtsu,
	Author = {Terrence A. Lee},
	Date-Added = {2016-10-02 22:05:51 +0000},
	Date-Modified = {2016-10-02 22:06:52 +0000},
	Journal = {Quantitative Analysis Lab},
	Title = {Determination of Calcium by Standardized EDTA Solution},
	Year = {2013}}

@article{EDTA,
	Date-Added = {2016-10-02 20:57:09 +0000},
	Date-Modified = {2016-10-02 20:58:52 +0000},
	Journal = {Wikipedia},
	Title = {Ethylenediaminetetraacetic acid},
	Year = {2016}}

@article{schrauzer,
	Author = {G. N. Schrauzer},
	Date-Added = {2016-10-02 20:48:28 +0000},
	Date-Modified = {2016-10-02 20:48:28 +0000},
	Journal = {Journal of the American Chemical Society},
	Title = {Aklylcobaloximes and Their Relation fo Alkylcobalamins},
	Year = {1966}}

@article{ucla,
	Author = {UCLA},
	Date-Added = {2016-10-02 20:35:23 +0000},
	Date-Modified = {2016-10-02 20:36:00 +0000},
	Journal = {UCLA},
	Title = {Mo(CO)4L2},
	Year = {2013}}

@article{phph_color,
	Author = {Jim Clark},
	Date-Added = {2016-10-02 16:36:58 +0000},
	Date-Modified = {2016-10-02 16:36:58 +0000},
	Title = {Acid-Base Indicators}}

@article{lab_man,
	Author = {UT Dept. of Chemistry},
	Date-Added = {2016-10-02 16:36:58 +0000},
	Date-Modified = {2016-10-02 16:36:58 +0000},
	Journal = {Department of Chemistry},
	Title = {CH456 Analytical Lab Manual},
	Year = {2006}}

@electronic{buret,
	Author = {John Fuchs},
	Date-Added = {2016-10-02 16:36:58 +0000},
	Date-Modified = {2016-10-02 16:36:58 +0000},
	Title = {Chemistry-What is Titration?},
	Url = {http://www.ctgclean.com/tech-blog/2013/07/chemistry-what-is-titration/},
	Urldate = {July 18, 2013},
	Bdsk-Url-1 = {http://www.ctgclean.com/tech-blog/2013/07/chemistry-what-is-titration/}}

@article{aspirin_rxn,
	Author = {Abey Tharian},
	Date-Added = {2016-10-02 16:36:58 +0000},
	Date-Modified = {2016-10-02 16:36:58 +0000},
	Journal = {New Jersey Institute of Technology},
	Title = {Determination of aspirin in tablets using back titration}}

@electronic{phph,
	Date-Added = {2016-10-02 16:36:58 +0000},
	Date-Modified = {2016-10-02 16:36:58 +0000},
	Title = {Phenolphthalein},
	Url = {https://en.wikipedia.org/wiki/Phenolphthalein},
	Urldate = {9/20/2016},
	Bdsk-Url-1 = {https://en.wikipedia.org/wiki/Phenolphthalein}}

@book{Harris,
	Author = {Daniel C. Harris},
	Date-Added = {2016-10-02 16:36:58 +0000},
	Date-Modified = {2016-10-02 16:36:58 +0000},
	Edition = {8},
	Editor = {Jessica Fiorillo},
	Publisher = {Clancy Marshall},
	Title = {Quantitative Chemical Analysis},
	Year = {2010},
	Bdsk-File-1 = {YnBsaXN0MDDUAQIDBAUGJCVYJHZlcnNpb25YJG9iamVjdHNZJGFyY2hpdmVyVCR0b3ASAAGGoKgHCBMUFRYaIVUkbnVsbNMJCgsMDxJXTlMua2V5c1pOUy5vYmplY3RzViRjbGFzc6INDoACgAOiEBGABIAFgAdccmVsYXRpdmVQYXRoWWFsaWFzRGF0YV8QJS4uL1F1YW50aXRhdGl2ZV9DaGVtaWNhbF9BbmFseXNpcy5wZGbSFwsYGVdOUy5kYXRhTxECEgAAAAACEgACAAAMTWFjaW50b3NoIEhEAAAAAAAAAAAAAAAAAAAAzpdlc0grAAAEzX6uH1F1YW50aXRhdGl2ZV9DaGVtaWMjNENEN0VCQS5wZGYAAAAAAAAAAAAAAAAAAAAAAAAAAAAAAAAAAAAAAAAAAATNfrrT4z0HAAAAAAAAAAAAAQABAAAJIAAAAAAAAAAAAAAAAAAAAA9hbmFseXRpY2FsX2NoZW0AABAACAAAzperwwAAABEACAAA0+ODVwAAAAEAGATNfq4Eso6TAAkg4wAI+2wACPtrAAJkjgACAGFNYWNpbnRvc2ggSEQ6VXNlcnM6AEpDSEFPOgBEb2N1bWVudHM6AFVUOgBZRUFSNjoAYW5hbHl0aWNhbF9jaGVtOgBRdWFudGl0YXRpdmVfQ2hlbWljIzRDRDdFQkEucGRmAAAOAEYAIgBRAHUAYQBuAHQAaQB0AGEAdABpAHYAZQBfAEMAaABlAG0AaQBjAGEAbABfAEEAbgBhAGwAeQBzAGkAcwAuAHAAZABmAA8AGgAMAE0AYQBjAGkAbgB0AG8AcwBoACAASABEABIAUVVzZXJzL0pDSEFPL0RvY3VtZW50cy9VVC9ZRUFSNi9hbmFseXRpY2FsX2NoZW0vUXVhbnRpdGF0aXZlX0NoZW1pY2FsX0FuYWx5c2lzLnBkZgAAEwABLwAAFQACAAz//wAAgAbSGxwdHlokY2xhc3NuYW1lWCRjbGFzc2VzXU5TTXV0YWJsZURhdGGjHR8gVk5TRGF0YVhOU09iamVjdNIbHCIjXE5TRGljdGlvbmFyeaIiIF8QD05TS2V5ZWRBcmNoaXZlctEmJ1Ryb290gAEACAARABoAIwAtADIANwBAAEYATQBVAGAAZwBqAGwAbgBxAHMAdQB3AIQAjgC2ALsAwwLZAtsC4ALrAvQDAgMGAw0DFgMbAygDKwM9A0ADRQAAAAAAAAIBAAAAAAAAACgAAAAAAAAAAAAAAAAAAANH}}
