%% This BibTeX bibliography file was created using BibDesk.
%% http://bibdesk.sourceforge.net/

%% Created for Justin Chao at 2016-11-04 08:46:14 -0500 


%% Saved with string encoding Unicode (UTF-8) 



@article{usu,
	Author = {Department of Chemistry},
	Date-Added = {2016-11-04 13:45:52 +0000},
	Date-Modified = {2016-11-04 13:46:14 +0000},
	Journal = {Utah State University},
	Title = {Gas Chromatography},
	Year = {2003}}

@article{ref,
	Author = {Ackman, R. G.},
	Date-Added = {2016-11-01 10:16:40 +0000},
	Date-Modified = {2016-11-01 10:18:02 +0000},
	Journal = {The Journal of the American Oil Chemists' Society},
	Title = {Application of Specific Response Factors in the Gas Chromatographic Analysis of Methyl Esters of Fatty Acids with Flame Ionization Detectors},
	Year = {1964}}

@article{fid_pic,
	Author = {Kevin Scott},
	Date-Added = {2016-11-01 07:42:23 +0000},
	Date-Modified = {2016-11-01 07:44:02 +0000},
	Journal = {Chromatography Online},
	Title = {Chiral-GC - The Flame Ionization Detector (FID) from Chiral Gas Chromatography.},
	Year = {2016}}

@article{gc_pic,
	Author = {Oregon State University},
	Date-Added = {2016-11-01 07:40:39 +0000},
	Date-Modified = {2016-11-01 07:42:20 +0000},
	Journal = {Department of Chemistry},
	Title = {Gas Chromatography},
	Year = {2015}}

@book{Harris,
	Author = {Daniel C. Harris},
	Date-Added = {2016-10-11 04:38:02 +0000},
	Date-Modified = {2016-10-11 04:38:02 +0000},
	Edition = {8},
	Editor = {Jessica Fiorillo},
	Publisher = {Clancy Marshall},
	Title = {Quantitative Chemical Analysis},
	Year = {2010},
	Bdsk-File-1 = {YnBsaXN0MDDUAQIDBAUGJCVYJHZlcnNpb25YJG9iamVjdHNZJGFyY2hpdmVyVCR0b3ASAAGGoKgHCBMUFRYaIVUkbnVsbNMJCgsMDxJXTlMua2V5c1pOUy5vYmplY3RzViRjbGFzc6INDoACgAOiEBGABIAFgAdccmVsYXRpdmVQYXRoWWFsaWFzRGF0YV8QJS4uL1F1YW50aXRhdGl2ZV9DaGVtaWNhbF9BbmFseXNpcy5wZGbSFwsYGVdOUy5kYXRhTxECEgAAAAACEgACAAAMTWFjaW50b3NoIEhEAAAAAAAAAAAAAAAAAAAAzpdlc0grAAAEzX6uH1F1YW50aXRhdGl2ZV9DaGVtaWMjNTk5RDkxOS5wZGYAAAAAAAAAAAAAAAAAAAAAAAAAAAAAAAAAAAAAAAAAAAWZ2RnUPkujAAAAAAAAAAAAAQABAAAJIAAAAAAAAAAAAAAAAAAAAA9hbmFseXRpY2FsX2NoZW0AABAACAAAzperwwAAABEACAAA1D6R8wAAAAEAGATNfq4Eso6TAAkg4wAI+2wACPtrAAJkjgACAGFNYWNpbnRvc2ggSEQ6VXNlcnM6AEpDSEFPOgBEb2N1bWVudHM6AFVUOgBZRUFSNjoAYW5hbHl0aWNhbF9jaGVtOgBRdWFudGl0YXRpdmVfQ2hlbWljIzU5OUQ5MTkucGRmAAAOAEYAIgBRAHUAYQBuAHQAaQB0AGEAdABpAHYAZQBfAEMAaABlAG0AaQBjAGEAbABfAEEAbgBhAGwAeQBzAGkAcwAuAHAAZABmAA8AGgAMAE0AYQBjAGkAbgB0AG8AcwBoACAASABEABIAUVVzZXJzL0pDSEFPL0RvY3VtZW50cy9VVC9ZRUFSNi9hbmFseXRpY2FsX2NoZW0vUXVhbnRpdGF0aXZlX0NoZW1pY2FsX0FuYWx5c2lzLnBkZgAAEwABLwAAFQACAAz//wAAgAbSGxwdHlokY2xhc3NuYW1lWCRjbGFzc2VzXU5TTXV0YWJsZURhdGGjHR8gVk5TRGF0YVhOU09iamVjdNIbHCIjXE5TRGljdGlvbmFyeaIiIF8QD05TS2V5ZWRBcmNoaXZlctEmJ1Ryb290gAEACAARABoAIwAtADIANwBAAEYATQBVAGAAZwBqAGwAbgBxAHMAdQB3AIQAjgC2ALsAwwLZAtsC4ALrAvQDAgMGAw0DFgMbAygDKwM9A0ADRQAAAAAAAAIBAAAAAAAAACgAAAAAAAAAAAAAAAAAAANH}}

@article{lab_man,
	Author = {UT Dept. of Chemistry},
	Date-Added = {2016-10-09 21:56:30 +0000},
	Date-Modified = {2016-10-09 21:56:30 +0000},
	Journal = {Department of Chemistry},
	Title = {CH456 Analytical Lab Manual},
	Year = {2006}}
