%% This BibTeX bibliography file was created using BibDesk.
%% http://bibdesk.sourceforge.net/

%% Created for Justin Chao at 2016-09-27 04:18:12 -0500 


%% Saved with string encoding Unicode (UTF-8) 



@article{lab_man,
	Author = {UT Dept. of Chemistry},
	Date-Added = {2016-09-27 09:17:53 +0000},
	Date-Modified = {2016-09-27 09:17:53 +0000},
	Journal = {Department of Chemistry},
	Title = {CH456 Analytical Lab Manual},
	Year = {2006}}

@article{electrode,
	Author = {A.E. Mirsky},
	Date-Added = {2016-09-27 08:38:39 +0000},
	Date-Modified = {2016-09-27 08:40:07 +0000},
	Journal = {The Journal of Biological Chemistry},
	Title = {A Description of the Glass Electrode and Its Use in Measuring Hydrogen Ion Concentration},
	Year = {1929}}

@article{meter,
	Author = {J Floor Anthoni},
	Date-Added = {2016-09-27 08:34:54 +0000},
	Date-Modified = {2016-09-27 08:35:55 +0000},
	Journal = {seafriends.org},
	Title = {pH meter principles},
	Year = {2005}}

@electronic{buret,
	Author = {John Fuchs},
	Date-Added = {2016-09-27 07:46:26 +0000},
	Date-Modified = {2016-09-27 07:46:26 +0000},
	Title = {Chemistry-What is Titration?},
	Url = {http://www.ctgclean.com/tech-blog/2013/07/chemistry-what-is-titration/},
	Urldate = {July 18, 2013},
	Bdsk-Url-1 = {http://www.ctgclean.com/tech-blog/2013/07/chemistry-what-is-titration/}}

@book{Harris,
	Author = {Daniel C. Harris},
	Date-Added = {2016-09-27 07:46:08 +0000},
	Date-Modified = {2016-09-27 07:46:20 +0000},
	Edition = {8},
	Editor = {Jessica Fiorillo},
	Publisher = {Clancy Marshall},
	Title = {Quantitative Chemical Analysis},
	Year = {2010}}
